@inproceedings{correia2021error,
  title={Error perception classification in Brain-Computer Interfaces using CNN},
  author={Correia, J Rafael and Sanches, J Miguel and Mainardi, Luca},
  booktitle={2021 43rd Annual International Conference of the IEEE Engineering in Medicine \& Biology Society (EMBC)},
  pages={204--207},
  year={2021},
  organization={IEEE}
}

@inproceedings{nix1994estimating,
  title={Estimating the mean and variance of the target probability distribution},
  author={Nix, David A and Weigend, Andreas S},
  booktitle={Proceedings of 1994 ieee international conference on neural networks (ICNN'94)},
  volume={1},
  pages={55--60},
  year={1994},
  organization={IEEE}
}

@article{kendall2017uncertainties,
  title={What uncertainties do we need in bayesian deep learning for computer vision?},
  author={Kendall, Alex and Gal, Yarin},
  journal={Advances in neural information processing systems},
  volume={30},
  year={2017}
}

@article{seitzer2022pitfalls,
  title={On the pitfalls of heteroscedastic uncertainty estimation with probabilistic neural networks},
  author={Seitzer, Maximilian and Tavakoli, Arash and Antic, Dimitrije and Martius, Georg},
  journal={arXiv preprint arXiv:2203.09168},
  year={2022}
}

@article{chen2020uncertainty,
  title={Uncertainty quantification for multilabel text classification},
  author={Chen, Wenshi and Zhang, Bowen and Lu, Mingyu},
  journal={Wiley Interdisciplinary Reviews: Data Mining and Knowledge Discovery},
  volume={10},
  number={6},
  pages={e1384},
  year={2020},
  publisher={Wiley Online Library}
}

@article{kurz2022uncertainty,
  title={Uncertainty estimation in medical image classification: systematic review},
  author={Kurz, Alexander and Hauser, Katja and Mehrtens, Hendrik Alexander and Krieghoff-Henning, Eva and Hekler, Achim and Kather, Jakob Nikolas and Fr{\"o}hling, Stefan and von Kalle, Christof and Brinker, Titus Josef},
  journal={JMIR Medical Informatics},
  volume={10},
  number={8},
  pages={e36427},
  year={2022},
  publisher={JMIR Publications Toronto, Canada}
}

@article{ferrante2022bayesnetcnn,
  title={BayesNetCNN: incorporating uncertainty in neural networks for image-based classification tasks},
  author={Ferrante, Matteo and Boccato, Tommaso and Toschi, Nicola},
  journal={arXiv preprint arXiv:2209.13096},
  year={2022}
}

@article{papadopoulos2001confidence,
  title={Confidence estimation methods for neural networks: A practical comparison},
  author={Papadopoulos, Georgios and Edwards, Peter J and Murray, Alan F},
  journal={IEEE transactions on neural networks},
  volume={12},
  number={6},
  pages={1278--1287},
  year={2001},
  publisher={IEEE}
}

@inproceedings{fuchs2021practical,
  title={Practical uncertainty quantification for brain tumor segmentation},
  author={Fuchs, Moritz and Gonzalez, Camila and Mukhopadhyay, Anirban},
  booktitle={Medical Imaging with Deep Learning},
  year={2021}
}

@inproceedings{nguyen2018reliable,
  title={Reliable multi-class classification based on pairwise epistemic and aleatoric uncertainty},
  author={Nguyen, Vu-Linh and Destercke, S{\'e}bastien and Masson, Marie-H{\'e}l{\`e}ne and H{\"u}llermeier, Eyke},
  booktitle={27th International Joint Conference on Artificial Intelligence (IJCAI 2018)},
  pages={5089--5095},
  year={2018}
}