@inproceedings{correia2021error,
  title={Error perception classification in Brain-Computer Interfaces using CNN},
  author={Correia, J Rafael and Sanches, J Miguel and Mainardi, Luca},
  booktitle={2021 43rd Annual International Conference of the IEEE Engineering in Medicine \& Biology Society (EMBC)},
  pages={204--207},
  year={2021},
  organization={IEEE}
}

@inproceedings{nix1994estimating,
  title={Estimating the mean and variance of the target probability distribution},
  author={Nix, David A and Weigend, Andreas S},
  booktitle={Proceedings of 1994 ieee international conference on neural networks (ICNN'94)},
  volume={1},
  pages={55--60},
  year={1994},
  organization={IEEE}
}

@article{kendall2017uncertainties,
  title={What uncertainties do we need in bayesian deep learning for computer vision?},
  author={Kendall, Alex and Gal, Yarin},
  journal={Advances in neural information processing systems},
  volume={30},
  year={2017}
}

@article{seitzer2022pitfalls,
  title={On the pitfalls of heteroscedastic uncertainty estimation with probabilistic neural networks},
  author={Seitzer, Maximilian and Tavakoli, Arash and Antic, Dimitrije and Martius, Georg},
  journal={arXiv preprint arXiv:2203.09168},
  year={2022}
}

@article{chen2020uncertainty,
  title={Uncertainty quantification for multilabel text classification},
  author={Chen, Wenshi and Zhang, Bowen and Lu, Mingyu},
  journal={Wiley Interdisciplinary Reviews: Data Mining and Knowledge Discovery},
  volume={10},
  number={6},
  pages={e1384},
  year={2020},
  publisher={Wiley Online Library}
}

@article{kurz2022uncertainty,
  title={Uncertainty estimation in medical image classification: systematic review},
  author={Kurz, Alexander and Hauser, Katja and Mehrtens, Hendrik Alexander and Krieghoff-Henning, Eva and Hekler, Achim and Kather, Jakob Nikolas and Fr{\"o}hling, Stefan and von Kalle, Christof and Brinker, Titus Josef},
  journal={JMIR Medical Informatics},
  volume={10},
  number={8},
  pages={e36427},
  year={2022},
  publisher={JMIR Publications Toronto, Canada}
}

@article{ferrante2022bayesnetcnn,
  title={BayesNetCNN: incorporating uncertainty in neural networks for image-based classification tasks},
  author={Ferrante, Matteo and Boccato, Tommaso and Toschi, Nicola},
  journal={arXiv preprint arXiv:2209.13096},
  year={2022}
}

@article{papadopoulos2001confidence,
  title={Confidence estimation methods for neural networks: A practical comparison},
  author={Papadopoulos, Georgios and Edwards, Peter J and Murray, Alan F},
  journal={IEEE transactions on neural networks},
  volume={12},
  number={6},
  pages={1278--1287},
  year={2001},
  publisher={IEEE}
}

@inproceedings{fuchs2021practical,
  title={Practical uncertainty quantification for brain tumor segmentation},
  author={Fuchs, Moritz and Gonzalez, Camila and Mukhopadhyay, Anirban},
  booktitle={Medical Imaging with Deep Learning},
  year={2021}
}

@inproceedings{nguyen2018reliable,
  title={Reliable multi-class classification based on pairwise epistemic and aleatoric uncertainty},
  author={Nguyen, Vu-Linh and Destercke, S{\'e}bastien and Masson, Marie-H{\'e}l{\`e}ne and H{\"u}llermeier, Eyke},
  booktitle={27th International Joint Conference on Artificial Intelligence (IJCAI 2018)},
  pages={5089--5095},
  year={2018}
}

@article{mozejko2018inhibited,
  title={Inhibited softmax for uncertainty estimation in neural networks},
  author={Mo{\.z}ejko, Marcin and Susik, Mateusz and Karczewski, Rafa{\l}},
  journal={arXiv preprint arXiv:1810.01861},
  year={2018}
}

@inproceedings{valdenegro2022deeper,
  title={A deeper look into aleatoric and epistemic uncertainty disentanglement},
  author={Valdenegro-Toro, Matias and Mori, Daniel Saromo},
  booktitle={2022 IEEE/CVF Conference on Computer Vision and Pattern Recognition Workshops (CVPRW)},
  pages={1508--1516},
  year={2022},
  organization={IEEE}
}

@article{lawhern2018eegnet,
  title={EEGNet: a compact convolutional neural network for EEG-based brain--computer interfaces},
  author={Lawhern, Vernon J and Solon, Amelia J and Waytowich, Nicholas R and Gordon, Stephen M and Hung, Chou P and Lance, Brent J},
  journal={Journal of neural engineering},
  volume={15},
  number={5},
  pages={056013},
  year={2018},
  publisher={iOP Publishing}
}

@article{sluijterman2023optimal,
  title={Optimal Training of Mean Variance Estimation Neural Networks},
  author={Sluijterman, Laurens and Cator, Eric and Heskes, Tom},
  journal={arXiv preprint arXiv:2302.08875},
  year={2023}
}

@inproceedings{merrick2020explanation,
  title={The explanation game: Explaining machine learning models using shapley values},
  author={Merrick, Luke and Taly, Ankur},
  booktitle={Machine Learning and Knowledge Extraction: 4th IFIP TC 5, TC 12, WG 8.4, WG 8.9, WG 12.9 International Cross-Domain Conference, CD-MAKE 2020, Dublin, Ireland, August 25--28, 2020, Proceedings 4},
  pages={17--38},
  year={2020},
  organization={Springer}
}

@article{lakshminarayanan2017simple,
  title={Simple and scalable predictive uncertainty estimation using deep ensembles},
  author={Lakshminarayanan, Balaji and Pritzel, Alexander and Blundell, Charles},
  journal={Advances in neural information processing systems},
  volume={30},
  year={2017}
}

@inproceedings{gal2016dropout,
  title={Dropout as a bayesian approximation: Representing model uncertainty in deep learning},
  author={Gal, Yarin and Ghahramani, Zoubin},
  booktitle={international conference on machine learning},
  pages={1050--1059},
  year={2016},
  organization={PMLR}
}

@article{chavarriaga2010learning,
  title={Learning from EEG error-related potentials in noninvasive brain-computer interfaces},
  author={Chavarriaga, Ricardo and Mill{\'a}n, Jos{\'e} del R},
  journal={IEEE transactions on neural systems and rehabilitation engineering},
  volume={18},
  number={4},
  pages={381--388},
  year={2010},
  publisher={IEEE}
}

@article{yoo2015deep,
  title={Deep convolution neural networks in computer vision: a review},
  author={Yoo, Hyeon-Joong},
  journal={IEIE Transactions on Smart Processing \& Computing},
  volume={4},
  number={1},
  pages={35--43},
  year={2015}
}

@article{zheng2015investigating,
  title={Investigating critical frequency bands and channels for EEG-based emotion recognition with deep neural networks},
  author={Zheng, Wei-Long and Lu, Bao-Liang},
  journal={IEEE Transactions on autonomous mental development},
  volume={7},
  number={3},
  pages={162--175},
  year={2015},
  publisher={IEEE}
}